2324 4232
174 569 855 782 NJKAPRAEFATIOW
901 709 905 718 ,
1084 673 1086 678 =

71 1046 205 1188 QUID
221 1083 381 1175 commodi
395 1083 588 1148 enumeratio
601 1082 705 1148 brevis
726 1083 911 1150 Plantarum
928 1086 1001 1152 Bri-

71 1201 270 1276 tannicarum,
287 1189 430 1284 quam'in
445 1195 600 1274 manibus,
616 1195 694 1259 dum
711 1218 806 1286 agros
820 1197 999 1281 lustremus,
1086 1237 1090 1242 ·

71 1325 236 1388 teneamus,
263 1309 372 1373 inse
388 1306 495 1384 habet,
522 1329 563 1370 ex
594 1307 754 1393 opusculis
789 1291 999 1398 Broughtoni,

72 1420 303 1498 Berkenhoutii,
313 1419 481 1507 Symonsii,
493 1417 608 1504 Hullii,
616 1420 684 1496 διο,
692 1419 879 1504 jamdudum
889 1423 1001 1508 patuit.

72 1531 244 1597 Tentamen
258 1529 334 1595 verb
353 1551 503 1616 praesens,
520 1528 613 1593 simul
633 1540 665 1594 et
683 1528 788 1595 Florae
809 1529 1002 1599 Britannicae

71 1666 165 1731 nuper
179 1643 274 1708 editae
294 1641 490 1728 (correctiori
513 1639 608 1726 quim
628 1663 700 1727 quae
718 1644 936 1726 praecesserint
954 1647 1002 1710 uti

72 1779 166 1842 spero,
182 1755 403 1841 auctiorique),
419 1751 685 1832 accommodatur,
702 1766 733 1818 et
751 1755 826 1820 novi
841 1758 1002 1844 quoddam

71 1868 186 1935 consilii
196 1866 405 1952 amplectitur.
434 1864 563 1929 Genera
574 1863 693 1929 scilicet
704 1865 818 1953 cuique
829 1867 919 1932 classi
928 1871 1014 1957 syn-'

70 1977 168 2065 opticd
189 1976 333 2064 praefixa,
349 1975 391 2039 ad
406 1974 601 2039 characteres
623 1974 810 2064 digeruntur
823 1979 1000 2059 technicos;

70 2090 98 2152 in
107 2112 204 2177 opere
214 2101 320 2153 autem
331 2087 410 2172 ipso,
423 2085 464 2149 ed
475 2083 638 2149 affinitates
650 2085 817 2166 naturales,
828 2088 869 2153 cd
880 2113 1002 2158 morem

68 2203 214 2268 celeberr.
232 2198 369 2264 Linnaei:
385 2198 469 2262 hanc
478 2196 661 2261 methodum
673 2199 766 2283 pauci
775 2198 1002 2286 discipulorum

68 2313 129 2397 ejus
144 2309 219 2377 satis
234 2307 466 2374 intellexerunt.
1011 2388 1015 2396 „

107 2423 230 2487 Praeter
245 2419 459 2484 characterem
475 2414 666 2502 specificum,
680 2437 774 2502 quem
788 2418 945 2509 integrum
960 2447 1001 2489 ex

69 2532 161 2599 llorai
184 2545 369 2617 excerptum
390 2528 481 2606 dedi3
503 2540 620 2614 praeter
639 2526 864 2595 habitationem
879 2533 1001 2618 planta-

67 2667 152 2724 rum;
169 2633 285 2732 praeter
300 2643 390 2730 signa
404 2649 450 2718 Θ,
467 2644 508 2718 ὅ,
522 2644 566 2718 ll,
577 2653 608 2704 et
623 2640 788 2727 h,quibus
803 2642 1002 2714 durationem

66 2779 212 2836 annuam,
224 2756 373 2821 biennem
382 2766 437 2817 aut
447 2759 628 2838 perennem,
641 2764 708 2816 tum
717 2763 862 2818 naturam
871 2755 1001 2824 frutico-

68 2891 129 2933 sam
144 2870 211 2934 sive
223 2867 389 2932 arboream
402 2864 556 2940 indicavi3
579 2875 647 2928 tum
661 2876 777 2948 praeter
791 2865 909 2954 ligures
923 2876 952 2948 l,
969 2879 1000 2950 2,

68 2989 93 3057 3,
109 2993 141 3059 4,
159 2983 230 3058 &c.,
268 2978 361 3044 uibus
380 2997 519 3040 mensem
535 2997 599 3062 quo
621 2997 755 3062 quaeque
779 2975 888 3063 planta
912 2979 1003 3046 inflo-

64 3094 158 3158 rescit
171 3090 314 3166 ostendi3
336 3101 452 3174 praeter
473 3087 579 3152 omnia
592 3085 673 3164 haec,
685 3086 835 3174 lnquam,
858 3111 1003 3157 sermone

64 3203 160 3290 quim
175 3200 360 3268 brevissimo
369 3198 493 3264 notulas
505 3197 657 3284 quasdam
669 3196 779 3282 adjeci,
792 3201 937 3284 specifich
946 3203 1002 3268 de-

63 3315 236 3403 scriptione
257 3313 312 3378 vix
333 3334 370 3376 ac
392 3334 433 3374 ne
452 3310 508 3374 vix
528 3309 656 3397 quidem
678 3309 1000 3395 comprehendendas,

63 3450 135 3514 quae
151 3425 272 3490 scilicet
285 3422 326 3488 ad
341 3421 489 3499 colorem,
506 3419 763 3509 magnitudinem,
780 3423 837 3487 &c
849 3437 1001 3509 spectant,

62 3555 92 3606 ct
106 3561 196 3627 quae,
209 3536 285 3601 durn
296 3534 401 3600 adhuc
411 3534 486 3598 loris
497 3532 621 3620 plantas
631 3532 862 3620 investigemus,
875 3538 1002 3604 necesse

62 3651 124 3718 sint
139 3645 287 3736 apprime
302 3645 403 3712 utiles.
449 3643 500 3710 Ne
516 3656 620 3709 tamen
635 3664 716 3729 opus
733 3643 766 3707 in
781 3666 932 3733 magnum
947 3671 1003 3714 au·
