2324 4232
19 363 24 380 .
138 332 192 396 viii
515 349 701 396 puuctum.

138 504 261 584 geatur,
276 491 347 558 haec
361 491 576 558 additamenta
589 513 762 580 nunquam,
778 491 839 558 nisi
858 492 986 580 quidem
1000 493 1078 560 hinc

139 606 223 686 iude,
235 605 291 671 ubi
305 604 406 670 tenuis
422 627 529 669 rerum
542 605 720 670 differentia
729 603 908 691 plusculum
922 605 1079 692 interpre-

139 721 266 786 tationis
276 717 335 783 sibi
344 717 527 803 postularet,
537 717 630 782 lineae
639 718 808 782 terminum
818 730 976 804 superant.
1000 717 1079 784 Hoc

139 831 276 917 spatium
290 829 413 907 lubens,
429 829 540 907 sciens,
557 829 718 918 occupavi.
742 827 794 894 Ne
805 829 883 916 quid
894 829 1080 894 enimvucui

139 943 249 1009 adesse
264 941 358 1008 volui.

183 1051 1079 1141 Synonymoomnio,superfluoomninbprodeembulun-
1146 1077 1152 1129 ·,

138 1167 233 1245 tibus,
245 1165 353 1230 omisi:
370 1185 484 1250 nempe
495 1163 566 1229 hoec
576 1175 648 1250 post
658 1165 771 1232 itinera
781 1164 870 1230 domi
880 1161 991 1230 sedulo
1002 1185 1078 1229 con·
1147 1220 1151 1246 ,

138 1279 268 1344 ferenda
288 1277 371 1356 volo,
387 1289 419 1342 et
439 1276 665 1363 perpendenda
682 1299 724 1344 ex
747 1275 843 1344 Horti
864 1275 943 1362 ipsit,
959 1277 994 1342 in
1016 1275 1078 1364 qui
1146 1258 1153 1272 .

139 1391 232 1456 etium
243 1388 469 1475 descriptiones
483 1387 680 1473 prolixiores,
693 1399 762 1454 tum
777 1387 1011 1456 obseruationes
1022 1387 1078 1452 ab·
1152 1405 1155 1415 ·

140 1503 316 1580 solutiores,
332 1499 428 1588 quim
443 1523 520 1590 quae
535 1503 570 1568 in
583 1501 645 1568 hoc
662 1501 863 1592 Compendio
876 1503 966 1568 licuit
978 1523 1078 1590 expo-

139 1637 225 1692 nere,
241 1597 410 1678 elaboravi.

209 1797 310 1854 Dabam
322 1795 454 1864 Nouv1c1,

140 1886 220 1946 Dicx
232 1885 291 1944 cu.
302 1885 406 1958 Aprilis,
416 1901 515 1941 mccc.

537 2093 680 2128 *Q*-

184 2267 224 2332 Iu
238 2266 300 2332 htc
314 2265 425 2354 quarti
448 2265 595 2346 editione,
612 2267 653 2331 ad
668 2267 765 2333 finem
785 2269 867 2334 tertii
883 2269 989 2334 Florae
1005 2269 1081 2336 Bri-

139 2379 275 2444 tannicae
283 2378 450 2442 voluminis
459 2377 598 2458 extensi,
609 2379 727 2464 species
735 2379 820 2445 ultra
828 2381 1081 2468 duocnae,nuper

140 2493 277 2556 iuventte
299 2489 348 2555 vel
373 2489 598 2569 determinatae,
625 2492 761 2577 ouopriis
782 2492 861 2558 locis
887 2493 1079 2560 inseruntur.

142 2601 209 2666 Hae
220 2601 405 2687 plerumque
416 2622 457 2666 ex
471 2600 611 2686 ejusdem
622 2601 759 2666 auctoris
773 2603 933 2689 operibus,
946 2606 1080 2690 English

141 2715 267 2799 Botcny
287 2725 319 2778 ct
340 2714 471 2798 English
493 2715 599 2792 Horu,
622 2726 781 2800 excerptae
803 2727 885 2780 sunt.
932 2716 1000 2781 Sub
1014 2717 1079 2782 siu-

141 2814 225 2913 gulae
241 2846 296 2910 spe
316 2823 357 2888 ,οἱ
370 2824 498 2888 nomine
520 2824 677 2910 specifico,
692 2824 751 2911 per
764 2838 866 2892 totum
880 2825 967 2892 hunc
988 2826 1080 2892 libel-

141 2939 217 3017 lum,
234 2935 317 3002 illius
332 2939 436 3023 operis
450 2937 612 3004 volumina
625 2951 657 3004 et
672 2939 788 3006 tubulae
803 2941 947 3006 citantur.

243 3121 344 3178 Dabam
355 3121 484 3186 Nouvicu

142 3228 203 3267 xvu
216 3211 274 3270 cu.
286 3211 416 3292 Octobris.
429 3229 601 3268 uucocmv.
